%% Saved with string encoding Unicode (UTF-8)
@string{aistats = {International Conference on Artificial Intelligence and Statistics}}
@string{aoas = {Annals of Applied Statistics}}
@string{aos = {Annals of Statistics}}
@string{colt = {Conference on Learning Theory}}
@string{ejs = {Electronic Journal of Statistics}}
@string{icml = {International Conference on Machine Learning}}
@string{jasa = {Journal of the American Statistical Association}}
@string{jmlr = {Journal of Machine Learning Research}}
@string{jrssb = {Journal of the Royal Statistical Society, Series B}}
@string{jspi = {Journal of Statistical Planning and Inference}}
@string{nips = {Advances in Neural Information Processing Systems}}
@string{tit = {IEEE Transactions on Information Theory}}
@string{uai = {Conference on Uncertainty in Artificial Intelligence}}


@inproceedings{lan2014matrix,
  title={Matrix recovery from quantized and corrupted measurements},
  author={Lan, Andrew S and Studer, Christoph and Baraniuk, Richard G},
  booktitle={2014 IEEE International Conference on Acoustics, Speech and Signal Processing (ICASSP)},
  pages={4973--4977},
  year={2014},
  organization={IEEE}
}

@article{davenport20141,
  title={1-bit matrix completion},
  author={Davenport, Mark A and Plan, Yaniv and Van Den Berg, Ewout and Wootters, Mary},
  journal={Information and Inference: A Journal of the IMA},
  volume={3},
  number={3},
  pages={189--223},
  year={2014},
  publisher={OUP}
}

@inproceedings{bhaskar20151,
  title={1-bit matrix completion under exact low-rank constraint},
  author={Bhaskar, Sonia A and Javanmard, Adel},
  booktitle={2015 49th Annual Conference on Information Sciences and Systems (CISS)},
  pages={1--6},
  year={2015},
  organization={IEEE}
}

@article{cai2013max,
  title={A max-norm constrained minimization approach to 1-bit matrix completion},
  author={Cai, Tony and Zhou, Wen-Xin},
  journal={The Journal of Machine Learning Research},
  volume={14},
  number={1},
  pages={3619--3647},
  year={2013},
  publisher={JMLR. org}
}

@article{wang2018learning,
  title={Learning from binary multiway data: Probabilistic tensor decomposition and its statistical optimality},
  author={Wang, Miaoyan and Li, Lexin},
  journal={arXiv preprint arXiv:1811.05076},
  year={2018}
}

@article{bhaskar2016probabilistic,
  title={Probabilistic low-rank matrix completion from quantized measurements},
  author={Bhaskar, Sonia A},
  journal={The Journal of Machine Learning Research},
  volume={17},
  number={1},
  pages={2131--2164},
  year={2016},
  publisher={JMLR. org}
}

@article{mccullagh1980regression,
  title={Regression models for ordinal data},
  author={McCullagh, Peter},
  journal={Journal of the Royal Statistical Society: Series B (Methodological)},
  volume={42},
  number={2},
  pages={109--127},
  year={1980},
  publisher={Wiley Online Library}
}

@article{burridge1981note,
  title={A note on maximum likelihood estimation for regression models using grouped data},
  author={Burridge, J},
  journal={Journal of the Royal Statistical Society: Series B (Methodological)},
  volume={43},
  number={1},
  pages={41--45},
  year={1981},
  publisher={Wiley Online Library}
}

@article{desikan2006automated,
  title={An automated labeling system for subdividing the human cerebral cortex on MRI scans into gyral based regions of interest},
  author={Desikan, Rahul S and S{\'e}gonne, Florent and Fischl, Bruce and Quinn, Brian T and Dickerson, Bradford C and Blacker, Deborah and Buckner, Randy L and Dale, Anders M and Maguire, R Paul and Hyman, Bradley T and others},
  journal={Neuroimage},
  volume={31},
  number={3},
  pages={968--980},
  year={2006},
  publisher={Elsevier}
}

@article{xia2013brainnet,
  title={BrainNet Viewer: a network visualization tool for human brain connectomics},
  author={Xia, Mingrui and Wang, Jinhui and He, Yong},
  journal={PloS one},
  volume={8},
  number={7},
  year={2013},
  publisher={Public Library of Science}
}

@inproceedings{baltrunas2011incarmusic,
  title={Incarmusic: Context-aware music recommendations in a car},
  author={Baltrunas, Linas and Kaminskas, Marius and Ludwig, Bernd and Moling, Omar and Ricci, Francesco and Aydin, Aykan and L{\"u}ke, Karl-Heinz and Schwaiger, Roland},
  booktitle={International Conference on Electronic Commerce and Web Technologies},
  pages={89--100},
  year={2011},
  organization={Springer}
}

@article{geddes2016human,
  title={Human brain mapped in unprecedented detail},
  author={Geddes, Linda},
  journal={Nature International weekly journal of science},
  year={2016}
}

@article{zhang2018mapping,
  title={Mapping population-based structural connectomes},
  author={Zhang, Zhengwu and Descoteaux, Maxime and Zhang, Jingwen and Girard, Gabriel and Chamberland, Maxime and Dunson, David and Srivastava, Anuj and Zhu, Hongtu},
  journal={NeuroImage},
  volume={172},
  pages={130--145},
  year={2018},
  publisher={Elsevier}
}


## Recommendation system
@inproceedings{kutty2012people,
  title={A people-to-people recommendation system using tensor space models},
  author={Kutty, Sangeetha and Chen, Lin and Nayak, Richi},
  booktitle={Proceedings of the 27th Annual ACM Symposium on Applied Computing},
  pages={187--192},
  year={2012}
}

@incollection{adomavicius2011context,
  title={Context-aware recommender systems},
  author={Adomavicius, Gediminas and Tuzhilin, Alexander},
  booktitle={Recommender systems handbook},
  pages={217--253},
  year={2011},
  publisher={Springer}
}

@article{sun2017provable,
  title={Provable sparse tensor decomposition},
  author={Sun, Will Wei and Lu, Junwei and Liu, Han and Cheng, Guang},
  journal={Journal of the Royal Statistical Society: Series B (Statistical Methodology)},
  volume={79},
  number={3},
  pages={899--916},
  year={2017},
  publisher={Wiley Online Library}
}

## Social network
@inproceedings{sun2009multivis,
  title={Multivis: Content-based social network exploration through multi-way visual analysis},
  author={Sun, Jimeng and Papadimitriou, Spiros and Lin, Ching-Yung and Cao, Nan and Liu, Shixia and Qian, Weihong},
  booktitle={Proceedings of the 2009 SIAM International Conference on Data Mining},
  pages={1064--1075},
  year={2009},
  organization={SIAM}
}

@inproceedings{nickel2011three,
  title={A three-way model for collective learning on multi-relational data.},
  author={Nickel, Maximilian and Tresp, Volker and Kriegel, Hans-Peter},
  booktitle={Icml},
  volume={11},
  pages={809--816},
  year={2011}
}

## genomics
@article{wang2019three,
  title={Three-way clustering of multi-tissue multi-individual gene expression data using semi-nonnegative tensor decomposition},
  author={Wang, Miaoyan and Fischer, Jonathan and Song, Yun S and others},
  journal={The Annals of Applied Statistics},
  volume={13},
  number={2},
  pages={1103--1127},
  year={2019},
  publisher={Institute of Mathematical Statistics}
}

## neuroimaging
@article{miwakeichi2004decomposing,
  title={Decomposing EEG data into space--time--frequency components using parallel factor analysis},
  author={Miwakeichi, Fumikazu and Mart{\i}nez-Montes, Eduardo and Vald{\'e}s-Sosa, Pedro A and Nishiyama, Nobuaki and Mizuhara, Hiroaki and Yamaguchi, Yoko},
  journal={NeuroImage},
  volume={22},
  number={3},
  pages={1035--1045},
  year={2004},
  publisher={Elsevier}
}
## signal processing
@article{sidiropoulos2000parallel,
  title={Parallel factor analysis in sensor array processing},
  author={Sidiropoulos, Nicholas D and Bro, Rasmus and Giannakis, Georgios B},
  journal={IEEE transactions on Signal Processing},
  volume={48},
  number={8},
  pages={2377--2388},
  year={2000},
  publisher={IEEE}
}
@article{cichocki2015tensor,
  title={Tensor decompositions for signal processing applications: From two-way to multiway component analysis},
  author={Cichocki, Andrzej and Mandic, Danilo and De Lathauwer, Lieven and Zhou, Guoxu and Zhao, Qibin and Caiafa, Cesar and Phan, Huy Anh},
  journal={IEEE signal processing magazine},
  volume={32},
  number={2},
  pages={145--163},
  year={2015},
  publisher={IEEE}
}
## Tensor PCA
@article{zare2018extension,
  title={Extension of PCA to higher order data structures: An introduction to tensors, tensor decompositions, and tensor PCA},
  author={Zare, Ali and Ozdemir, Alp and Iwen, Mark A and Aviyente, Selin},
  journal={Proceedings of the IEEE},
  volume={106},
  number={8},
  pages={1341--1358},
  year={2018},
  publisher={IEEE}
}

## Tucker
@article{tucker1964extension,
  title={The extension of factor analysis to three-dimensional matrices},
  author={Tucker, Ledyard R and Tucker, L},
  year={1964}
}

@article{tucker1966some,
  title={Some mathematical notes on three-mode factor analysis},
  author={Tucker, Ledyard R},
  journal={Psychometrika},
  volume={31},
  number={3},
  pages={279--311},
  year={1966},
  publisher={Springer}
}

## CP decomposition

@article{hitchcock1928multiple,
  title={Multiple invariants and generalized rank of a p-way matrix or tensor},
  author={Hitchcock, Frank L},
  journal={Journal of Mathematics and Physics},
  volume={7},
  number={1-4},
  pages={39--79},
  year={1928},
  publisher={Wiley Online Library}
}

@article{harshman1970foundations,
  title={Foundations of the PARAFAC procedure: Models and conditions for an" explanatory" multimodal factor analysis},
  author={Harshman, Richard A and others},
  year={1970},
  publisher={University of California at Los Angeles Los Angeles, CA}
}

@book{smilde2005multi,
  title={Multi-way analysis: applications in the chemical sciences},
  author={Smilde, Age and Bro, Rasmus and Geladi, Paul},
  year={2005},
  publisher={John Wiley \& Sons}
}

## Binary tensor completion
@article{hong2018generalized,
  title={Generalized canonical polyadic tensor decomposition},
  author={Hong, David and Kolda, Tamara G and Duersch, Jed A},
  journal={arXiv preprint arXiv:1808.07452},
  year={2018}
}

@article{hore2016tensor,
  title={Tensor decomposition for multiple-tissue gene expression experiments},
  author={Hore, Victoria and Vi{\~n}uela, Ana and Buil, Alfonso and Knight, Julian and McCarthy, Mark I and Small, Kerrin and Marchini, Jonathan},
  journal={Nature genetics},
  volume={48},
  number={9},
  pages={1094},
  year={2016},
  publisher={Nature Publishing Group}
}

@inproceedings{hu2018training,
  title={Training binary weight networks via semi-binary decomposition},
  author={Hu, Qinghao and Li, Gang and Wang, Peisong and Zhang, Yifan and Cheng, Jian},
  booktitle={Proceedings of the European Conference on Computer Vision (ECCV)},
  pages={637--653},
  year={2018}
}
# 1-bit completion
@article{ghadermarzy2018learning,
  title={Learning tensors from partial binary measurements},
  author={Ghadermarzy, Navid and Plan, Yaniv and Yilmaz, Ozgur},
  journal={IEEE Transactions on Signal Processing},
  volume={67},
  number={1},
  pages={29--40},
  year={2018},
  publisher={IEEE}
}
# continuous decompostion method
@article{filipovic2015tucker,
  title={Tucker factorizatio with missig data with applicatio to low-$$$$-rak tesor completio},
  author={Filipovi{\'c}, Marko and Juki{\'c}, Ante},
  journal={Multidimensional systems and signal processing},
  volume={26},
  number={3},
  pages={677--692},
  year={2015},
  publisher={Springer}
}


## Convexity
@incollection{brascamp2002extensions,
  title={On extensions of the Brunn-Minkowski and Pr{\'e}kopa-Leindler theorems, including inequalities for log concave functions, and with an application to the diffusion equation},
  author={Brascamp, Herm Jan and Lieb, Elliott H},
  booktitle={Inequalities},
  pages={441--464},
  year={2002},
  publisher={Springer}
}
