@article{Lan2014MatrixRF,
  title={Matrix recovery from quantized and corrupted measurements},
  author={Andrew S. Lan and Christoph Studer and Richard G. Baraniuk},
  journal={2014 IEEE International Conference on Acoustics, Speech and Signal Processing (ICASSP)},
  year={2014},
  pages={4973-4977}
}

@article{Davenport20121BitMC,
  title={1-Bit Matrix Completion},
  author={Mark A. Davenport and Yaniv Plan and Ewout van den Berg and Mary Wootters},
  journal={ArXiv},
  year={2012},
  volume={abs/1209.3672}
}

@article{Bhaskar20151bitMC,
  title={1-bit matrix completion under exact low-rank constraint},
  author={Sonia A. Bhaskar and Adel Javanmard},
  journal={2015 49th Annual Conference on Information Sciences and Systems (CISS)},
  year={2015},
  pages={1-6}
}

@article{Cai2013AMC,
  title={A max-norm constrained minimization approach to 1-bit matrix completion},
  author={Tony Cai and Wen-Xin Zhou},
  journal={J. Mach. Learn. Res.},
  year={2013},
  volume={14},
  pages={3619-3647}
}

@article{Wang2018LearningFB,
  title={Learning from Binary Multiway Data: Probabilistic Tensor Decomposition and its Statistical Optimality},
  author={Miaoyan Wang and Lexin Li},
  journal={ArXiv},
  year={2018},
  volume={abs/1811.05076}
}

@article{Bhaskar2016ProbabilisticLM,
  title={Probabilistic Low-Rank Matrix Completion from Quantized Measurements},
  author={Sonia A. Bhaskar},
  journal={J. Mach. Learn. Res.},
  year={2016},
  volume={17},
  pages={60:1-60:34}
}

@inproceedings{McCullagh1980RegressionMF,
  title={Regression Models for Ordinal Data},
  author={Peter McCullagh},
  year={1980}
}

@inproceedings{Burridge1981ANO,
  title={A Note on Maximum Likelihood Estimation for Regression Models using Grouped Data},
  author={Jim Burridge},
  year={1981}
}

@article{Desikan2006AnAL,
  title={An automated labeling system for subdividing the human cerebral cortex on MRI scans into gyral based regions of interest},
  author={Rahul S. Desikan and Florent S{\'e}gonne and Bruce Fischl and Brian T. Quinn and Bradford C. Dickerson and Deborah Blacker and Randy L. Buckner and Anders M. Dale and R. Paul Maguire and Bradley T. Hyman and Marilyn S. Albert and Ronald J. Killiany},
  journal={NeuroImage},
  year={2006},
  volume={31},
  pages={968-980}
}

@inproceedings{Xia2013BrainNetVA,
  title={BrainNet Viewer: A Network Visualization Tool for Human Brain Connectomics},
  author={Mingrui Xia and Jinhui Wang and Yong He},
  booktitle={PloS one},
  year={2013}
}

@inproceedings{Baltrunas2011InCarMusicCM,
  title={InCarMusic: Context-Aware Music Recommendations in a Car},
  author={Linas Baltrunas and Marius Kaminskas and Bernd Ludwig and Omar Moling and Francesco Ricci and Aykan Aydin and Karl-Heinz L{\"u}ke and Roland Schwaiger},
  booktitle={EC-Web},
  year={2011}
}

@inproceedings{Geddes2016HumanBM,
  title={Human brain mapped in unprecedented detail},
  author={Linda Geddes},
  year={2016}
}

@article{Zhang2018MappingPS,
  title={Mapping population-based structural connectomes},
  author={Zhengwu Zhang and Maxime Descoteaux and Jingwen Zhang and Gabriel Girard and Maxime Chamberland and David B. Dunson and Anuj Srivastava and Hongtu Zhu},
  journal={NeuroImage},
  year={2018},
  volume={172},
  pages={130-145}
}

@inproceedings{Baltrunas2011InCarMusicCM,
  title={InCarMusic: Context-Aware Music Recommendations in a Car},
  author={Linas Baltrunas and Marius Kaminskas and Bernd Ludwig and Omar Moling and Francesco Ricci and Aykan Aydin and Karl-Heinz L{\"u}ke and Roland Schwaiger},
  booktitle={EC-Web},
  year={2011}
}

## Recommendation system
@inproceedings{Kutty2012APR,
  title={A people-to-people recommendation system using tensor space models},
  author={Sangeetha Kutty and Lin Chen and Richi Nayak},
  booktitle={SAC '12},
  year={2012}
}

@article{Adomavicius2008ContextawareRS,
  title={Context-aware recommender systems},
  author={Gediminas Adomavicius and Bamshad Mobasher and Francesco Ricci and Alexander Tuzhilin},
  journal={AI Magazine},
  year={2008},
  volume={32},
  pages={67-80}
}

@inproceedings{Sun2015ProvableST,
  title={Provable sparse tensor decomposition},
  author={Will Wei Sun and Junwei Lu and Han Liu and Guang Cheng},
  year={2015}
}


## Social network
@inproceedings{Sun2009MultiVisCS,
  title={MultiVis: Content-Based Social Network Exploration through Multi-way Visual Analysis},
  author={Jimeng Sun and Spiros Papadimitriou and Ching-Yung Lin and Nan Cao and Shixia Liu and Weihong Qian},
  booktitle={SDM},
  year={2009}
}

@inproceedings{Nickel2011ATM,
  title={A Three-Way Model for Collective Learning on Multi-Relational Data},
  author={Maximilian Nickel and Volker Tresp and Hans-Peter Kriegel},
  booktitle={ICML},
  year={2011}
}


## genomics
@inproceedings{Wang2017ThreewayCO,
  title={Three-way clustering of multi-tissue multi-individual gene expression data using constrained tensor decomposition},
  author={Miaoyan Wang and Jonathan Fischer and Yun S. Song},
  year={2017}
}

## neuroimaging
@ARTICLE{Miwakeichi_decomposingeeg,
    author = {Fumikazu Miwakeichi and Eduardo Martínez-montes and B Pedro A. Valdés-sosa and Nobuaki Nishiyama and A Hiroaki Mizuhara and Yoko Yamaguchi A},
    title = {Decomposing EEG data into space-time-frequency components using parallel factor analysis},
    journal = {Neuroimage},
    year = {},
    pages = {2004}
}


## signal processing
@article{Sidiropoulos2000ParallelFA,
  title={Parallel factor analysis in sensor array processing},
  author={Nikos D. Sidiropoulos and Rasmus Bro and Georgios B. Giannakis},
  journal={IEEE Trans. Signal Processing},
  year={2000},
  volume={48},
  pages={2377-2388}
}

@article{Cichocki2015TensorDF,
  title={Tensor Decompositions for Signal Processing Applications: From two-way to multiway component analysis},
  author={Andrzej Cichocki and Danilo P. Mandic and Lieven De Lathauwer and Guoxu Zhou and Qibin Zhao and Cesar F. Caiafa and Anh Huy Phan},
  journal={IEEE Signal Processing Magazine},
  year={2015},
  volume={32},
  pages={145-163}
}

## Tensor PCA
@article{Zare2018ExtensionOP,
  title={Extension of PCA to Higher Order Data Structures: An Introduction to Tensors, Tensor Decompositions, and Tensor PCA},
  author={Ali Zare and Alp Ozdemir and Mark A. Iwen and Selin Aviyente},
  journal={Proceedings of the IEEE},
  year={2018},
  volume={106},
  pages={1341-1358}
}

## Tucker
@incollection{tucker64extension,
  added-at = {2006-04-24T15:24:05.000+0200},
  address = {New York},
  author = {Tucker, Ledyard},
  biburl = {https://www.bibsonomy.org/bibtex/22bbb590343b38712679579b882f79352/jaeschke},
  booktitle = {{C}ontributions to mathematical psychology.},
  editor = {Gulliksen, H. and Frederiksen, N.},
  interhash = {449b66a6250c5a64111edd1d27e22d12},
  intrahash = {2bbb590343b38712679579b882f79352},
  keywords = {three tucker 3mode analysis},
  pages = {110--127},
  publisher = {Holt, Rinehart and Winston},
  timestamp = {2014-07-28T15:57:31.000+0200},
  title = {{T}he extension of factor analysis to three-dimensional matrices},
  year = 1964
}

@ARTICLE{RePEc:spr:psycho:v:31:y:1966:i:3:p:279-311,
title = {Some mathematical notes on three-mode factor analysis},
author = {Tucker, Ledyard},
year = {1966},
journal = {Psychometrika},
volume = {31},
number = {3},
pages = {279-311},
url = {https://EconPapers.repec.org/RePEc:spr:psycho:v:31:y:1966:i:3:p:279-311}
}

## CP decomposition

@article{doi:10.1002/sapm19287139,
author = {Hitchcock, Frank L},
title = {Multiple Invariants and Generalized Rank of a P-Way Matrix or Tensor},
journal = {Journal of Mathematics and Physics},

volume = {7},
number = {1-4},
pages = {39-79},
doi = {10.1002/sapm19287139},
url = {https://onlinelibrary.wiley.com/doi/abs/10.1002/sapm19287139},
eprint = {https://onlinelibrary.wiley.com/doi/pdf/10.1002/sapm19287139},
year = {1928}
}

@inproceedings{Harshman1970FoundationsOT,
  title={Foundations of the PARAFAC procedure: Models and conditions for an "explanatory" multi-model factor analysis},
  author={Richard A. Harshman},
  year={1970}
}

@inproceedings{Smilde2004MultiwayAW,
  title={Multi-way Analysis with Applications in the Chemical Sciences},
  author={Age K. Smilde and Rasmus Bro and Paul Geladi},
  year={2004}
}

## Binary tensor completion
@article{Hong2018GeneralizedCP,
  title={Generalized Canonical Polyadic Tensor Decomposition},
  author={David Hong and Tamara G. Kolda and Jed A. Duersch},
  journal={ArXiv},
  year={2018},
  volume={abs/1808.07452}
}

@inproceedings{Hore2016TensorDF,
  title={Tensor decomposition for multi-tissue gene expression experiments},
  author={Victoria Hore and Ana Vi{\~n}uela and Alfonso Buil and Julian C. Knight and Mark I. McCarthy and Kerrin S. Small and Jonathan Marchini},
  booktitle={Nature Genetics},
  year={2016}
}

@inproceedings{Hu2018TrainingBW,
  title={Training Binary Weight Networks via Semi-Binary Decomposition},
  author={Qinghao Hu and Gang Li and Peisong Wang and Yifan Zhang and Jian Cheng},
  booktitle={ECCV},
  year={2018}
}
